% use `texdoc biblatex` to get help
@inproceedings{kempe2003maximizing,
  title={Maximizing the spread of influence through a social network},
  author={Kempe, David and Kleinberg, Jon and Tardos, {\'E}va},
  booktitle={Proceedings of the ninth ACM SIGKDD international conference on Knowledge discovery and data mining},
  pages={137--146},
  year={2003}
}

@inproceedings{kempe2008ad1,
  title={A cascade model for externalities in sponsored search},
  author={Kempe, David and Mahdian, Mohammad},
  booktitle={International Workshop on Internet and Network Economics},
  pages={585--596},
  year={2008},
  organization={Springer}
}

@inproceedings{tang2017robust,
  title={Robust Advertisement Allocation.},
  author={Tang, Shaojie},
  booktitle={IJCAI},
  pages={4419--4425},
  year={2017}
}

@inproceedings{tang2018social,
  title={When social advertising meets viral marketing: Sequencing social advertisements for influence maximization},
  author={Tang, Shaojie},
  booktitle={Proceedings of the AAAI Conference on Artificial Intelligence},
  volume={32},
  number={1},
  year={2018}
}

@inproceedings{mitrovic2018submodularity,
  title={Submodularity on hypergraphs: From sets to sequences},
  author={Mitrovic, Marko and Feldman, Moran and Krause, Andreas and Karbasi, Amin},
  booktitle={International Conference on Artificial Intelligence and Statistics},
  pages={1177--1184},
  year={2018},
  organization={PMLR}
}

@inproceedings{mrim,
  title={Multi-round influence maximization},
  author={Sun, Lichao and Huang, Weiran and Yu, Philip S and Chen, Wei},
  booktitle={Proceedings of the 24th ACM SIGKDD international conference on knowledge discovery \& data mining},
  pages={2249--2258},
  year={2018}
}

@article{goundan2007revisiting,
  title={Revisiting the greedy approach to submodular set function maximization},
  author={Goundan, Pranava R and Schulz, Andreas S},
  journal={Optimization online},
  number={1984},
  pages={1--25},
  year={2007}
}

@article{nemhauser1978analysis,
  title={An analysis of approximations for maximizing submodular set functionsâ€”I},
  author={Nemhauser, George L and Wolsey, Laurence A and Fisher, Marshall L},
  journal={Mathematical programming},
  volume={14},
  number={1},
  pages={265--294},
  year={1978},
  publisher={Springer}
}

@inproceedings{IMM,
  title={Influence maximization in near-linear time: A martingale approach},
  author={Tang, Youze and Shi, Yanchen and Xiao, Xiaokui},
  booktitle={Proceedings of the 2015 ACM SIGMOD international conference on management of data},
  pages={1539--1554},
  year={2015}
}

@article{chung2006concentration,
  title={Concentration inequalities and martingale inequalities: a survey},
  author={Chung, Fan and Lu, Linyuan},
  journal={Internet mathematics},
  volume={3},
  number={1},
  pages={79--127},
  year={2006},
  publisher={Taylor \& Francis}
}

@article{sandwich,
  title={From competition to complementarity: comparative influence diffusion and maximization},
  author={Lu, Wei and Chen, Wei and Lakshmanan, Laks VS},
  journal={arXiv preprint arXiv:1507.00317},
  year={2015}
}

@article{amazon24,
  title={Bridging Language and Items for Retrieval and Recommendation},
  author={Hou, Yupeng and Li, Jiacheng and He, Zhankui and Yan, An and Chen, Xiusi and McAuley, Julian},
  journal={arXiv preprint arXiv:2403.03952},
  year={2024}
}

@article{netgen,
  title={Inferring networks of diffusion and influence},
  author={Gomez-Rodriguez, Manuel and Leskovec, Jure and Krause, Andreas},
  journal={ACM Transactions on Knowledge Discovery from Data (TKDD)},
  volume={5},
  number={4},
  pages={1--37},
  year={2012},
  publisher={ACM New York, NY, USA}
}

@inproceedings{tschiatschek2017selecting,
  title={Selecting sequences of items via submodular maximization},
  author={Tschiatschek, Sebastian and Singla, Adish and Krause, Andreas},
  booktitle={Proceedings of the AAAI Conference on Artificial Intelligence},
  volume={31},
  number={1},
  year={2017}
}

@inproceedings{ni2019justifying,
  title={Justifying recommendations using distantly-labeled reviews and fine-grained aspects},
  author={Ni, Jianmo and Li, Jiacheng and McAuley, Julian},
  booktitle={Proceedings of the 2019 conference on empirical methods in natural language processing and the 9th international joint conference on natural language processing (EMNLP-IJCNLP)},
  pages={188--197},
  year={2019}
}

@inproceedings{west2009wikispeedia,
  title={Wikispeedia: An online game for inferring semantic distances between concepts},
  author={West, Robert and Pineau, Joelle and Precup, Doina},
  booktitle={Twenty-First International Joint Conference on Artificial Intelligence},
  year={2009}
}

@article{kendall1938new,
  title={A new measure of rank correlation},
  author={Kendall, Maurice G},
  journal={Biometrika},
  volume={30},
  number={1/2},
  pages={81--93},
  year={1938},
  publisher={JSTOR}
}

@article{mitrovic2019adaptive,
  title={Adaptive sequence submodularity},
  author={Mitrovic, Marko and Kazemi, Ehsan and Feldman, Moran and Krause, Andreas and Karbasi, Amin},
  journal={Advances in Neural Information Processing Systems},
  volume={32},
  year={2019}
}